@article{knottheory,
	ISSN = {00030996},
	URL = {http://www.jstor.org/stable/27858741},
	author = {Daniel S. Silver},
	journal = {American Scientist},
	number = {2},
	pages = {158--165},
	publisher = {Sigma Xi, The Scientific Research Society},
	title = {Knot Theory's Odd Origins: The Modern study of knots grew out an attempt by three 19th-century Scottish physicists to apply knot theory to fundamental questions about the universe},
	urldate = {2024-05-02},
	volume = {94},
	year = {2006}
}

@book{mathwithatwist,
	title = {Knots: Mathematics with a Twist},
	author = {{Sosinski{\u\i}}, A.B.},
	isbn = {9780674009448},
	lccn = {2002027295},
	url = {https://books.google.es/books?id=BewrZeACVKcC},
	year = {2002},
	publisher = {Harvard University Press}
}

@article{computingwithquantumknots,
	author = {{Collins}, Graham P.},
	title = "{Computing with Quantum Knots}",
	journal = {Scientific American},
	year = {2006},
	month = {apr},
	volume = {294},
	number = {4},
	pages = {56-63},
	doi = {10.1038/scientificamerican0406-56},
	adsurl = {https://ui.adsabs.harvard.edu/abs/2006SciAm.294d..56C},
	adsnote = {Provided by the SAO/NASA Astrophysics Data System}
}

@article{SobreelsmovdeReide,
	title={On the Reidemeister moves of a classical knot},
	author={Trace, Bruce},
	journal={Proceedings of the American Mathematical Society},
	volume={89},
	number={4},
	pages={722--724},
	year={1983}
}

@article{knotknotes,
	title={Knot Knotes},
	author={Justin Roberts},
	journal={Notes},
	pages={18},
	year={2015}
}

@book{knotentheorie,
	title={Knotentheorie},
	author={Reidemeister, Kurt},
	volume={1},
	year={2013},
	publisher={Springer-Verlag}
}

@article{culpritknot,
	title={Unknots and DNA},
	author={Kauffman, L and Lambropoulou, S},
	journal={Current Developments in Mathematical Biology},
	volume={38},
	pages={39--68},
	year={2007}
}

@article{jones,
	title = {State models and the jones polynomial},
	journal = {Topology},
	volume = {26},
	number = {3},
	pages = {395-407},
	year = {1987},
	issn = {0040-9383},
	doi = {https://doi.org/10.1016/0040-9383(87)90009-7},
	url = {https://www.sciencedirect.com/science/article/pii/0040938387900097},
	author = {Louis {H. Kauffman}}
}

@article{jonesoriginal,
	author = {Vaughan F. R. Jones},
	title = {{A polynomial invariant for knots via von Neumann algebras}},
	volume = {12},
	journal = {Bulletin (New Series) of the American Mathematical Society},
	number = {1},
	publisher = {American Mathematical Society},
	pages = {103 -- 111},
	year = {1985},
}

@article{seifert,
	title={Konstruktion dreidimensionaler geschlossener R{\"a}ume},
	author={Seifert, Herbert},
	journal={(No Title)},
	year={1931}
}

@misc{lowerbound,
	title={A lower bound for the genus of a knot using the Links-Gould invariant}, 
	author={Ben-Michael Kohli and Guillaume Tahar},
	year={2023},
	eprint={2310.15617},
	archivePrefix={arXiv},
	primaryClass={math.GT}
}

@misc{topologicalquantumcomputation,
	title={Topological Quantum Computation}, 
	author={Michael H. Freedman and Alexei Kitaev and Michael J. Larsen and Zhenghan Wang},
	year={2002},
	eprint={quant-ph/0101025},
	archivePrefix={arXiv},
	primaryClass={id='quant-ph' full_name='Quantum Physics' is_active=True alt_name=None in_archive='quant-ph' is_general=False description=None}
}

@article{topologicalinsulators,
	title={Topological insulators and superconductors},
	volume={83},
	ISSN={1539-0756},
	url={http://dx.doi.org/10.1103/RevModPhys.83.1057},
	DOI={10.1103/revmodphys.83.1057},
	number={4},
	journal={Reviews of Modern Physics},
	publisher={American Physical Society (APS)},
	author={Qi, Xiao-Liang and Zhang, Shou-Cheng},
	year={2011},
	month=oct, pages={1057â€“1110} }
	
	@article{braidtopologiesforquantumcomputation,
		title = {Braid Topologies for Quantum Computation},
		author = {Bonesteel, N. E. and Hormozi, L. and Zikos, G. and Simon, S. H.},
		journal = {Phys. Rev. Lett.},
		volume = {95},
		issue = {14},
		pages = {140503},
		numpages = {4},
		year = {2005},
		month = {Sep},
		publisher = {American Physical Society},
		doi = {10.1103/PhysRevLett.95.140503},
		url = {https://link.aps.org/doi/10.1103/PhysRevLett.95.140503}
	}
	